<collection xmlns="http://www.loc.gov/MARC21/slim"><record><leader>00787nam  2200229   450</leader><controlfield tag="001">199</controlfield><controlfield tag="003">http://montalegre.opacnet.com/OPAC/default.aspx?ContentAreaControl=ShowRegHoldings.ascx&amp;RegNo=16662</controlfield><datafield tag="100" ind1=" " ind2=" "><subfield code="a">20060510d1976    m  y0pora010305  ba</subfield></datafield><datafield tag="101" ind1="1" ind2=" "><subfield code="a">por</subfield><subfield code="c">fre</subfield></datafield><datafield tag="102" ind1=" " ind2=" "><subfield code="a">PT</subfield></datafield><datafield tag="200" ind1="1" ind2=" "><subfield code="a">Ah Q</subfield><subfield code="e">tragédia chinesa baseada em Lu Sun</subfield><subfield code="f">Bernard Chartreux, Jean Jourdheuil</subfield><subfield code="g">trad. de Luísa Neto Jorge</subfield></datafield><datafield tag="210" ind1=" " ind2=" "><subfield code="a">Lisboa</subfield><subfield code="c">Ulmeiro</subfield><subfield code="d">imp. 1976</subfield></datafield><datafield tag="215" ind1=" " ind2=" "><subfield code="a">86, [1] p.</subfield><subfield code="d">18 cm</subfield></datafield><datafield tag="225" ind1="2" ind2=" "><subfield code="a">Teatro Ulmeiro</subfield><subfield code="v">1</subfield></datafield><datafield tag="608" ind1=" " ind2=" "><subfield code="a">Teatro</subfield></datafield><datafield tag="675" ind1=" " ind2=" "><subfield code="a">82-2</subfield></datafield><datafield tag="700" ind1=" " ind2="1"><subfield code="a">Chartreux</subfield><subfield code="b">Bernard</subfield></datafield><datafield tag="701" ind1=" " ind2="1"><subfield code="a">Jourdheuil</subfield><subfield code="b">Jean</subfield><subfield code="4">070</subfield></datafield><datafield tag="702" ind1=" " ind2="1"><subfield code="a">Jorge</subfield><subfield code="b">Luísa Neto</subfield><subfield code="f">1939-1989</subfield><subfield code="4">730</subfield></datafield><datafield tag="801" ind1=" " ind2="0"><subfield code="a">PT</subfield><subfield code="b">Biblioteca Municipal de Montalegre</subfield><subfield code="g">RPC</subfield></datafield><datafield tag="856" ind1=" " ind2=" "><subfield code="u">locateMedia.asp?cod=20060510102912&amp;ext=jpg</subfield><subfield code="z">CAPA</subfield></datafield><datafield tag="909" ind1="&#9;" ind2=" "><subfield code="a">2</subfield></datafield><datafield tag="966" ind1=" " ind2=" "><subfield code="a">0008693</subfield><subfield code="l">BMM</subfield><subfield code="s">SCG 82-2 CHA ah 1</subfield></datafield><datafield tag="966" ind1=" " ind2=" "><subfield code="a">0008692</subfield><subfield code="l">BMM</subfield><subfield code="s">SCG 82-2 CHA ah 1</subfield></datafield></record></collection>